<?xml version="1.0" encoding="UTF-8"?><collection xmlns="http://www.loc.gov/MARC21/slim"><record><leader>00552nam--2200193-i-4500</leader><controlfield tag="001">000020879</controlfield><controlfield tag="002">20161230</controlfield><controlfield tag="005">20161230201033</controlfield><controlfield tag="008">060222s1000------------r-----000-0-eng-d</controlfield><datafield ind1=" " ind2=" " tag="040"><subfield code="a">IFIN-HH</subfield></datafield><datafield ind1=" " ind2=" " tag="080"><subfield code="a">538.958</subfield></datafield><datafield ind1="1" ind2=" " tag="100"><subfield code="a">Lukes,F</subfield></datafield><datafield ind1="1" ind2="0" tag="245"><subfield code="a">Optical properties of ges, gese, sns and snse</subfield><subfield code="c">F. lukes, p. dub</subfield></datafield><datafield ind1=" " ind2=" " tag="260"><subfield code="a">Brno</subfield><subfield code="b">Univerzita J/E Purkyne V Brne</subfield><subfield code="c">1988</subfield></datafield><datafield ind1=" " ind2=" " tag="300"><subfield code="a">113 P</subfield></datafield><datafield ind1=" " ind2=" " tag="490"><subfield code="a">Prirodovedecka Fakulta Univerzity J.E. Purkyne V Brne,Physica 47</subfield></datafield><datafield ind1="1" ind2=" " tag="700"><subfield code="a">Dub, P</subfield></datafield><datafield ind1=" " ind2=" " tag="852"><subfield code="a">79284</subfield><subfield code="c">539.2</subfield></datafield><datafield ind1=" " ind2=" " tag="CAT"><subfield code="a">Sys</subfield><subfield code="c">20121203</subfield><subfield code="h">142158</subfield></datafield></record></collection>